@InBook{Fischer:1991,
author =    "Charles N. Fischer",
title =     "Crafting a Compiler with C",
edition = 	"1",
isbn =      "978-0805321661",
year =       1991,
publisher = "Addison Wesley",
}

@InBook{Wirth:1988,
author =    "Niklaus Wirth",
title =     "Algoritmy a štruktúry údajov",
isbn =      "063-030-87",
year =       1988,
publisher = "Alfa",
}